%
% Modification History
%
% 2003-February-6  Jason Rohrer
% Created.
%
% 2003-February-7  Jason Rohrer
% Added editor to Autodesk reference.
%
% 2003-February-12  Jason Rohrer
% Added an OS reference.
%


@book{ NelsonLiteraryMachines,
    author    = "Theodor Holm Nelson",
    title     = "Literary Machines",
    publisher = "Mindful Press",
    address   = "Sausalito, CA",
    year      = "1992" }



@misc{ Everything2,
    title = "Everything2",
    note   = "http://www.everything2.com"
} 


@misc{ WikiWikiWeb,
    title = "Wiki {W}iki {W}eb",
    note   = "http://c2.com/cgi/wiki?WikiWikiWeb"
} 


@misc{ Wikipedia,
    title = "Wikipedia",
    note   = "http://www.wikipedia.org"
}


@misc{ kuro5hin,
    title = "Kuro5hin",
    note   = "http://www.kuro5hin.org"
}


@misc{ paypal,
    title = "PayPal",
    note   = "http://www.paypal.com"
}




% Describes the world wide web
@article{ BernersLee92,
    author  = "Tim Berners-Lee and Robert Cailliau and Jean-Francois Groff and Bernd Pollermann",
    title   = "{World-Wide Web}: The Information Universe",
    journal = "Electronic Networking: Research, Applications and Policy",
    volume  = "1",
    number  = "2",
    pages   = "74-82",
    year    = "1992",
    url     = "citeseer.nj.nec.com/berners-lee92worldwide.html" 
}




%http://www.theatlantic.com/unbound/flashbks/computer/bushf.htm
@article{ Bush1945,
    author  = "Vannevar Bush",
    title   = "As We May Think",
    journal = "The Atlantic Monthly",
    volume  = "176", 
    number  = "1",
    pages   = "101--108",
    year    = "1945"
}



%The Hypertext, in: Proc. World Documentation Federation Conf. 1965
@inproceedings{ Nelson1965,
    author    = "Theodor Holm Nelson",
    title     = "The Hypertext",
    booktitle = "Proceedings of the World Documentation Federation Conference",
    year      = "1965"
}



% found with a web search
% http://www.cs.brown.edu/memex/ACM_HypertextTestbed/papers/60.html
@article{ Nelson1999,
    author  = "Theodor Holm Nelson",
    title   = "Xanalogical structure, needed now more than ever: parallel documents, deep links to content, deep versioning, and deep re-use",
    journal = "ACM Computing Surveys",
    volume  = "30",
    number  = "4es",
    year    = "1999"
}










% Found with web search
% http://www.fourmilab.to/autofile/www/chapter2_64.html
% April 8th, 1988
@incollection{ AutodeskPress,
    author    = "John Walker",
    title     = "Statement for the {A}utodesk/{X}anadu Press Conference",
    editor    = "John Walker",
    booktitle =  "The Autodesk File",
    note      = "http://www.fourmilab.to/autofile/",
    month     =  apr,
    year      = "1988"
}


% http://www.fourmilab.to/autofile/www/section2_103_1.html
% August 20th, 1992
@incollection{ AutodeskPressDrop,
    editor    = "John Walker",
    title     = "Autodesk Hands Over Control of Information Systems Division",
    booktitle =  "The Autodesk File",
    note      = "http://www.fourmilab.to/autofile/",
    month     =  aug,
    year      = "1992"
}


% Money spent by Autodesk on Xanadu
% http://www.tidbits.com/tb-issues/TidBITS-204.html
@article{ AutodeskCost,
    title   = "Xanadu Light",

    journal = "{TidBITS}",
    volume  = "204",
    note    = "http://www.tidbits.com/tb-issues/TidBITS-204.html",
    year    = "1993"
}



% Found on citeseer
% http://citeseer.nj.nec.com/clarke00freenet.html
@inproceedings{ Clark2000,
    author    = "Ian Clarke and Oskar Sandberg and Brandon Wiley and Theodore W. Hong",
    title     = "Freenet: A Distributed Anonymous Information Storage and Retrieval System",
    booktitle = "Workshop on Design Issues in Anonymity and Unobservability",
    pages     = "46--66",
    year      = "2000",
    url       = "citeseer.nj.nec.com/clarke00freenet.html" 
}



@book{ OperatingSystems,
    author    = "Abraham Silberschatz and Peter Baer Galvin",
    title     = "Operating System Concepts",
    publisher = "Addison-Wesley",
    address   = "Reading, MA",
    year      = "1998" 
}


@inproceedings{ FreenetXanadu,
    author    = "Tuomas J. Lukka and Benja Fallenstein",
    title     = "Freenet-like {GUID}s for Implementing Xanalogical Hypertext",
    booktitle = "Proceedings of the 2002 ACM Conference on Hypertext",
    year      = "2002",
    pages     = "194--195"
 }